@UNPUBLISHED{minka94,
  author = {T. P. Minka},
  title = {Expectation Maximization as Lower Lound Maximization},
  month = {Nov 4},
  year = {1998},
}

Ya da bizim referansta örneğin DOI adresi var. Ancak henüz baskıda.
@article{yilmaz11,
    author = "Y. K. Yılmaz and A. T. Cemgil",
    title = "Algorithms for Probabilistic Latent Tensor Factorization",
    journal = "Signal Processing",
    doi = "10.1016/j.sigpro.2011.09.033",
    year = "2011",
    note = "in press"
}

Ya da bazı işler ArXiv'de kullanılmış:
@article{acar11,
  author    = {E. Acar and T. G. Kolda and D. M. Dunlavy},
  title     = {All-at-once Optimization for Coupled Matrix and Tensor Factorizations},
  volume    = {abs/1105.3422},
  year      = {2011},
  archivePrefix = "arXiv",
  eprint     = {1105.3422},
  ee        = {http://arxiv.org/abs/1105.3422},
  note = {ArVix}
}

@Article{ aran2006signlanguagetutoring,
	author = "O. Aran and I. Ari and A. Benoit and A.H. Carrillo and F.X. Fanard and P. Campr and L. Akarun and A. Caplier and M. Rombaut and B. Sankur",
	title = "Sign Language Tutoring Tool",
	journal = "Proceedings of eNTERFACE 2007, The Summer Workshop on Multimodal Interfaces",
	year = "2007",
	volume = "21",
	pdf = "aran2006signlanguagetutoring.pdf"
}

@Article{ aran2007databaseofnon-manual,
	author = "O. Aran and I. Ari and A. Guvensan and H. Haberdar and Z. Kurt and I. Turkmen and A. Uyar and L. Akarun",
	title = "A Database of Non-Manual Signs in Turkish Sign Language",
	journal = "Signal Processing and Communications Applications, 2007. SIU 2007. IEEE 15th",
	year = "2007",
	pages = "1--4",
	pdf = "aran2007databaseofnon-manual.pdf"
}

@Article{ ari2008facialfeaturetracking,
	author = "I. Ari and A. Uyar and L. Akarun",
	title = "Facial Feature Tracking and Expression Recognition for Sign Language",
	journal = "International Symposium on Computer and Information Sciences",
	year = "2008, submitted",
	owner = "ismail",
	timestamp = "12.07.2008"
}

@Book{ doebelin,
	author = "Ernest O. Doebelin",
	title = "Control System Principles and Design",
	year = "1985",
	isbn = "0471088153",
	publisher = "John Wiley \& Sons, Inc.",
	address = "New York, NY, USA"
}

@Book{ liudissertation,
	author = "W.K. Liu",
	title = "Development of Finite Element Procedures for Fluid-Structure Interaction",
	publisher = "Ph.D. Thesis",
	address = "California Institute of Technology",
	year = "1981"
}

@Article{ Sekhon:1999,
	author = "Jasjeet Singh Sekhon",
	title = "The Economic Sophistication of American Politics:American Public Opinion and Monetary Policy, 1973-1993",
	year = 1999,
	journal = "Dissertation",
	volume = 999,
	pages = "999",
	keywords = "elections, economy, opinion",
	projects = "ecrefgrp",
	have = "haveyes",
	read = ""
}

@Comment{AOIS-caching-02,   author = {P{\i}nar Yolum and Munindar P. Singh},   title = {Flexible Caching in Peer-to-Peer Information Systems},   booktitle = {Proceedings of the Fourth International Bi-Conference Workshop on Agent-Oriented Information Systems (AOIS)},   pages = {72--83},   year = 2002,  bib2html\_dl\_pdf  = "http://www.cmpe.boun.edu.tr/~pyolum/papers/yolum-singh-aois-2002.pdf",    bib2html\_rescat = {Self-Organization}, }

@Article{ paper-IAT-2006-labels,
	author = "Mark Hoogendoorn and Jan Treur and Pinar Yolum",
	title = "A Labeled Graph Approach to Analyze Organizational Performance",
	journal = "Proceedings of the 2006 IEEE/WIC/ACM International Conference on Intelligent Agent Technology",
	address = "IEEE Computer Society Press",
	year = 2006,
	bib2html_rescat = "Organizations"
}

@Manual{ exoplanetwebsite,
	title = "The Extrasolar Planets Encyclopaedia",
	author = "Jean Schneider",
	year = 2010,
	url = "http://exoplanet.eu/catalog.php",
	note = "{May 2011}"
}

